2563 3350
1247 245 1278 287 7

261 384 447 426 oblatum
474 383 794 440 prudentissime
825 388 974 438 poetae
1003 381 1062 422 in*
1085 391 1208 421 usum
1245 392 1369 421 sunm
1402 382 1703 429 converterunt.
1761 385 1871 428 Nam
1906 386 1942 426 si
1977 398 2001 426 a
2033 385 2254 441 Phryniohi

197 480 210 484 -
260 450 566 506 effpuguatione
589 449 739 499 Mileti,
766 447 817 489 ab
843 447 1025 489 eiusdem
1060 444 1293 487 Phoenissis
1330 448 1605 504 Aeschylique
1630 450 1759 491 Persis
1797 451 2028 492 discesseris
2042 479 2057 500 ,
2093 451 2253 494 nullum

257 522 464 570 praeterea
497 515 700 557 inveneris
739 514 853 567 quod
888 527 911 553 a
946 510 1081 552 tabula
1116 511 1347 552 seiunctum
1381 514 1437 554 sit
1469 514 1700 568 tragoediae
1730 517 1915 570 antiquae
1948 523 2251 570 argumentum.

258 579 432 621 Posthac
457 580 501 620 in
526 579 660 634 legem
684 593 779 619 mos
808 578 917 620 abiit.
969 577 1071 617 Hor.
1102 575 1152 615 ad
1175 575 1251 617 Pis.
1280 577 1370 619 129.
1400 591 1412 600 ¹

685 643 848 684 Rectius
874 642 1041 682 iliacum
1066 653 1230 680 carmen
1255 641 1420 682 deducis
1446 645 1491 682 in
1517 650 1643 693 aetus,

691 706 891 759 Quam‘si
916 704 1127 761 proferres
1153 704 1294 757 ignota
1318 708 1553 762 indictaque
1576 710 1748 762 primus.

257 774 322 814 Ex
345 787 431 829 quo
460 776 575 815 enim
608 779 674 814 tot
708 780 875 827 tamque
908 769 1112 826 praelatae
1144 771 1374 824 tragoediae
1410 785 1464 813 ex
1496 774 1746 827 argumentis
1774 772 1976 827 ,mythicis
2012 773 2253 829 desumptae

258 840 385 881 oculis
421 833 674 880 Graecorum
710 838 868 878 oblatae
893 843 1026 884 erant,
1051 836 1134 875 iam
1168 835 1254 876 iere
1285 838 1396 877 netas
1435 837 1662 878 habebatur
1695 839 1926 892 relinquere
1959 851 2152 892 campum
2184 846 2252 881 tot

255 904 480 945 luminibus
506 903 774 950 illustratum,
801 909 841 942 et
865 915 941 955 per
966 901 1095 940 invias
1121 901 1234 953 quasi
1260 902 1447 954 regiones
1473 904 1631 956 ingredi
1657 903 1772 946 velle.
1804 904 1948 955 Neque
1967 905 2091 949 enim,
2118 916 2250 956 quum

255 969 450 1024 Agathon
475 968 657 1009 exhibita
673 965 817 1006 *Λνθει
842 968 875 1014 ⁸)
902 965 979 1005 alia
1004 970 1216 1007 tentasset,
1243 972 1308 1013 et,
1333 966 1369 1005 si
1396 966 1496 1006 fides
1522 967 1758 1017 Aristoteli,
1791 966 1954 1007 laudem
1990 974 2249 1020 reportasset,

256 1036 342 1075 eius
368 1033 609 1086 exemplum
633 1031 754 1071 multi
782 1031 908 1070 secuti
934 1037 1050 1076 sunt,
1076 1036 1358 1082 quantumque
1383 1044 1435 1069 ex
1460 1032 1588 1070 titulis
1619 1031 1957 1084 colligas,‘adhuc
1983 1043 2088 1070 unus
2106 1030 2249 1072 Theo-

255 1098 388 1140 dectes
417 1097 586 1139 ielicitar
612 1095 763 1151 etipse
791 1109 814 1136 a
838 1093 975 1135 fabula
998 1094 1173 1145 recessit,
1207 1107 1338 1148 quum
1369 1093 1605 1137 Mausolum
1631 1097 1885 1149 tragoediam
1921 1096 2090 1137 doceret
2114 1099 2170 1148 ”)
2204 1098 2248 1137 in

254 1165 473 1205 certamine
496 1163 568 1203 illo
595 1161 803 1202 rhetorico
830 1167 871 1200 et
899 1166 944 1199 ut
970 1160 1132 1201 videtur
1154 1160 1331 1215 poetico,
1358 1161 1471 1215 quod
1496 1160 1545 1202 ab
1571 1162 1786 1203 Artemisia
1811 1162 1860 1202 in-
1880 1162 2015 1203 mariti
2043 1160 2249 1204 honorem

253 1237 400 1283 magna
425 1242 521 1269 cum
546 1227 774 1267 celebritate
800 1227 1033 1266 institutum
1061 1240 1146 1266 esse
1170 1226 1311 1268 fertur.
1353 1226 1508 1266 Relicui
1532 1227 1617 1266 iere
1643 1240 1789 1266 omnes
1825 1227 1868 1266 in
1900 1225 2047 1266 iisdem
2084 1226 2247 1274 fabulis,

253 1306 358 1348 quae
392 1307 416 1334 a
447 1291 702 1348 principibus
736 1290 814 1332 illis
846 1290 1077 1332 triumviris
1109 1297 1297 1332 tractatae
1333 1298 1468 1340 erant,
1506 1299 1548 1332 et
1580 1292 1662 1346 ipsi
1701 1292 2021 1332 elaboraverunt.
2073 1292 2125 1331 Et
2151 1306 2249 1333 cum

251 1358 554 1412 simplicissima
574 1369 759 1410 quaeque
783 1362 826 1395 et
849 1356 1008 1409 optima
1033 1355 1276 1410 plerumque
1301 1357 1404 1397 ratio
1431 1357 1482 1396 ab
1504 1357 1584 1397 illis
1612 1363 1811 1412 occupata
1836 1364 1877 1398 et
1901 1363 2113 1411 praecepta
2130 1364 2247 1406 esset,

250 1423 403 1464 iactum
429 1430 512 1470 est,
540 1428 588 1462 ut
616 1428 685 1462 aut
709 1420 891 1461 novandi
917 1434 1053 1460 caussa
1080 1420 1337 1461 artificiosius
1364 1435 1486 1475 quam
1515 1422 1726 1476 pulchrius
1753 1437 1842 1462 rem
1866 1423 2136 1469 instituerent,
2172 1421 2248 1473 ⁸⁸³)

252 1495 321 1527 aut
344 1500 486 1528 rerum
513 1486 773 1540 expositione
802 1484 1015 1525 subtiliore
1038 1498 1209 1539 prorsus
1236 1485 1418 1539 neglecta
1442 1486 1528 1527 aliis
1566 1486 1689 1528 rebus
1729 1486 2044 1527 oblectationem
2079 1499 2247 1539 quaere·

250 1559 351 1595 rent.
403 1553 537 1604 Atque
570 1550 651 1590 hoc
685 1550 853 1603 quidem
885 1549 1130 1603 plerumque
1163 1547 1318 1590 iactum
1355 1565 1442 1590 esse
1480 1558 1521 1590 et
1558 1565 1635 1604 per
1668 1566 1712 1591 se
1737 1558 2057 1591 consentaneum
2083 1557 2167 1599 est,
2194 1558 2246 1600 et,

251 1628 346 1656 cum
382 1615 489 1670 apud
526 1613 789 1656 Aristotelem
822 1617 867 1666 †)
905 1614 1107 1668 legamus,
1150 1615 1255 1656 circa
1291 1629 1440 1670 paucas
1479 1615 1676 1665 familias,
1712 1624 1756 1657 ut
1794 1618 1900 1657 circa
1938 1616 2171 1670 Oedipum,
2205 1623 2246 1656 et

250 1682 539 1723 Alcmaeonem
566 1687 608 1720 et
634 1681 821 1718 Orestem
848 1685 889 1717 et
912 1679 1163 1728 Meleagrum
1189 1686 1229 1718 et
1257 1680 1485 1733 Telephum
1514 1687 1553 1719 et
1584 1680 1825 1734 Thyestem,
1853 1680 2032 1732 optimas
2063 1692 2249 1733 quasque

248 1746 474 1800 tragoedias
501 1750 676 1785 versatas
703 1757 809 1790 esse,
834 1743 1017 1782 maxime
1042 1742 1090 1780 fit
1123 1742 1347 1794 probabile.
1409 1744 1587 1782 immani
1620 1745 1731 1782 enim
1768 1744 1999 1783 {acinorum
2035 1744 2246 1784 atrocitate

247 1812 324 1852 hae
343 1810 520 1859 stabulae,
545 1808 702 1849 etiamsi
727 1807 866 1846 minus
896 1797 1079 1846 accurate
1104 1812 1310 1848 enarratae
1334 1814 1375 1847 et
1401 1809 1611 1861 expositae
1637 1815 1782 1855 essent,
1808 1814 1946 1848 tamen
1964 1814 2244 1861 spectatorum

248 1878 409 1917 animos
436 1872 793 1916 vehementissime
822 1884 1066 1925 permovere
1091 1878 1132 1911 et
1156 1878 1368 1925 percutere
1393 1886 1520 1926 posse
1554 1873 1804 1915 videbantur.
1867 1873 1949 1913 Sed
1982 1874 2053 1926 qui
2091 1874 2133 1912 in
2170 1873 2242 1913 de·

249 1942 440 1982 ducendis
468 1948 508 1980 et
533 1937 798 1981 contexendis
826 1937 994 1991 singulis
1021 1936 1178 1977 {abulae
1203 1936 1386 1991 partibus
1413 1951 1553 1977 curam
1579 1945 1619 1977 et
1646 1952 1814 1990 operam
1841 1951 1996 1993 ponere
2033 1938 2240 1978 conaban-

246 2015 335 2056 tur,
360 2006 419 2046 illi
441 2011 605 2045 tantum
632 2002 787 2047 aberat,
813 2008 860 2041 ut
885 2001 1235 2055 quemadmodum
1270 2001 1521 2057 Antiphanes
1556 2004 1737 2043 comicus
1764 2004 1851 2054 ἥθ’
1872 2002 1986 2050 dicit,
2022 2003 2240 2044 utilitatem

247 2072 341 2112 inde
375 2071 615 2117 haurirent„
640 2068 753 2122 quod
780 2081 845 2106 res
887 2067 1129 2115 enarrandae
1166 2067 1211 2106 in
1244 2067 1391 2121 vulgus
1413 2076 1534 2108 notae
1560 2076 1694 2115 erant,
1729 2075 1775 2106 ut
1807 2067 1992 2120 Aeschyli
2020 2066 2238 2121 Sophoclis

246 2136 453 2190 Euripidis
489 2133 678 2187 exempla
711 2132 879 2172 illorum
913 2131 1137 2172 luminibus
1174 2133 1356 2173 maxime
1391 2133 1610 2174 officerent.
1672 2132 1890 2172 Rarissime
1939 2132 2124 2186 protecto
2168 2134 2239 2173 uni

247 2203 411 2242 alterive
444 2207 590 2253 poetae
628 2197 815 2249 contigit,
851 2203 896 2234 ut
927 2197 1183 2237 reconditam
1224 2198 1273 2236 ab
1315 2197 1516 2252 Aeschylo
1564 2198 1729 2251 eiusque
1769 2194 1971 2237 similibus
2014 2196 2239 2251 neglectam

328 2388 360 2427 ‘)
384 2387 489 2419 Arist·
510 2386 548 2418 P·
574 2386 640 2424 11,
663 2385 698 2418 7·
720 2381 853 2424 ὁμοίως
880 2380 958 2432 γάρ
986 2382 1028 2416 ἐν
1056 2383 1176 2432 τούτῳ
1204 2385 1255 2419 ω’
1280 2397 1318 2420 τε
1345 2385 1552 2428 ὀτράγματω
1574 2385 1638 2419 καὶ
1664 2383 1714 2419 τὰ
1743 2381 1908 2426 ὀνόματα
1933 2385 2143 2429 πεποίηται·
2172 2386 2238 2422 καὶ

246 2440 356 2478 οὐδὲν
375 2435 484 2485 ἧττον
505 2435 709 2482 εὐφραίνει.

326 2505 378 2546 ‘*)
402 2504 497 2538 Gen.
519 2503 648 2544 x,18.
673 2507 782 2535 exstat
802 2512 895 2535 nunc
916 2511 1057 2545 quoque
1077 2500 1273 2536 Theodecti
1293 2505 1487 2548 tragoedia,
1510 2516 1600 2551 quse
1620 2504 1821 2538 inscribitur
1845 2505 2038 2550 Mausolus,
2066 2519 2134 2552 qua
2156 2520 2239 2543 eun

243 2562 359 2606 magis
378 2570 484 2604 qnam
507 2559 543 2592 in
567 2569 670 2599 prosa
693 2557 863 2600 placuisse
885 2556 1041 2600 Hyginus
1061 2558 1099 2589 in
1122 2558 1287 2600 exemplis
1308 2563 1430 2594 refert.

326 2624 394 2664 η’)
417 2621 522 2667 Quod
543 2621 580 2653 in
602 2620 774 2664 Euripide
794 2626 900 2664 atque
921 2619 1096 2663 Sophocle
1115 2625 1194 2664 post
1212 2623 1253 2655 A.
1278 2622 1375 2657 Guil.
1395 2623 1634 2666 Schlegelium
1655 2633 1768 2664 nuper
1793 2623 1835 2656 Ο.
1850 2626 1890 2658 F.
1911 2625 2059 2668 Gruppe
2084 2626 2120 2659 in
2143 2627 2236 2660 libro

243 2680 398 2714 Ariadne
416 2678 587 2720 inscripto
610 2676 867 2718 elegantissime
888 2676 1149 2709 demonstravit.

326 2742 363 2783 †)
384 2740 488 2775 Arist.
511 2739 611 2773 Post.
632 2739 731 2779 1111,
752 2739 788 2772 7.

324 2804 383 2845 ἢ)
407 2803 531 2836 athen,
553 2813 590 2846 p.
612 2801 685 2837 m
706 2812 757 2846 sq.
