2563 3350
1252 149 1312 192 1⁰
2189 168 2208 188 s

269 282 483 325 bilioribus
497 313 509 335 ,
540 296 640 338 quas
667 285 712 325 in
738 285 898 341 mythis
926 284 1085 340 tragicis
1110 280 1317 331 invenias,
1345 283 1532 337 personis
1558 290 1665 325 certa
1699 283 1901 339 quaedam
1931 285 2069 328 {orme
2100 292 2143 327 et
2180 299 2279 327 suus

270 350 386 405 qussi
411 347 607 402 χαρακτήρ
633 356 720 390 erat
744 364 985 406 expressus:
1010 363 1156 404 quem,
1188 354 1233 387 ut
1258 346 1332 387 vix
1358 354 1549 401 poterant
1581 356 1623 390 et
1657 356 1934 404 spectatorum
1970 350 2116 391 animis
2153 364 2251 405 prae

272 420 390 469 cepte
416 415 616 468 opinione
645 417 857 470 occupatis
883 416 1073 464 evellere,
1100 415 1155 454 ite
1180 413 1317 454 denuo
1343 421 1526 455 accurate
1551 429 1788 470 proponere
1815 417 1887 457 vix
1913 431 2062 471 operae
2096 418 2276 470 pretium

273 493 361 521 esse
387 478 611 523 videbatur.
678 481 966 531 Quamobrem
1001 481 1083 521 iam
1116 478 1334 532 Euripides
1369 492 1419 520 eo
1457 479 1660 534 confugit,
1703 487 1751 522 ut
1784 481 1983 523 illecebris
2026 482 2277 523 extrinsecus

274 544 409 599 petitis
437 544 599 585 animos
624 544 851 587 hominum
878 546 1084 588 mulceret.
1137 545 1184 584 In
1209 544 1385 584 summis
1410 545 1523 584 enim
1563 545 1651 585 aliis
1690 553 1731 587 et
1764 546 2092 599 admirabilibus,
2130 547 2277 602 quibus

275 608 450 654 excellit.
479 609 703 650 virtutibus
730 611 903 665 poeticis
928 610 1036 650 nulla
1060 622 1104 648 re
1130 615 1265 647 tamen
1294 610 1495 649 maiorem
1520 611 1598 649 sibi
1622 611 1789 651 laudem
1814 613 2015 664 quaesivit
2039 619 2080 651 et
2105 613 2277 665 paravit,

273 687 400 727 quam
426 673 541 728 quod
568 688 737 725 eorum,
764 676 836 730 qui
863 676 1003 730 magni
1027 671 1178 728 aliquid
1205 673 1437 726 patiuntur,
1468 675 1650 716 internos
1676 676 1803 716 animi
1826 689 1969 716 sensus
1997 676 2118 716 nobis
2152 676 2276 717 exhi·

269 739 336 780 bet
352 767 365 787 ,
390 739 714 794 reconditosque
742 741 1000 795 perturbatae
1024 739 1171 779 mentis
1199 750 1380 777 recessus
1408 738 1603 779 divinitus
1638 740 1849 780 recludere
1883 741 2056 780 videtur.
2133 741 2275 794 Neque

271 804 494 858 quisquam
520 812 583 845 est
609 806 712 846 adeo
741 805 847 846 tardi
872 812 912 846 et
936 805 1091 846 hebetis
1118 802 1288 857 ingenii,
1315 803 1388 857 qui
1413 804 1457 843 in
1482 803 1719 857 Polyxenae
1744 806 1939 846 extremis
1968 804 2062 845 fatis
2090 805 2278 845 Hecubae

270 868 417 910 dolore
449 882 538 909 non
573 876 615 910 et
647 870 739 924 ipse
764 876 975 925 tangatur,
1005 876 1076 910 aut
1100 867 1266 909 Medeae
1297 867 1438 908 furore
1472 870 1712 923 perterritus
1747 883 1834 910 non
1869 870 2112 924 persentiat,
2140 869 2278 909 {urens

271 933 371 988 quid
397 932 553 974 femina
578 935 737 987 possit,
763 942 1007 988 tantumque
1034 934 1146 974 abest
1167 939 1214 972 ut
1239 931 1344 974 hanc
1370 933 1455 973 eius
1481 933 1620 973 fronte
1654 948 1852 974 coronam
1888 934 2106 987 decerpere
2138 947 2276 982 coner,

270 1005 317 1038 ut
342 998 386 1038 in
412 997 489 1038 hac
516 1011 562 1039 re
589 1005 683 1038 ante
710 1013 856 1040 omnes
885 1000 1076 1040 omnium
1102 998 1284 1052 gentium
1310 1004 1452 1051 poetas
1478 997 1667 1051 Euripidi
1683 998 1857 1038 fortasse
1873 999 2028 1052 primas
2048 998 2275 1040 detulerim.

271 1064 428 1104 Verum
446 1062 567 1103 enim
594 1076 694 1103 vero
719 1064 815 1118 quia
841 1064 951 1104 iusto
979 1063 1070 1119 plus
1095 1062 1336 1103 suavissimo
1357 1062 1525 1116 quidem
1550 1061 1647 1102 huic
1673 1063 1939 1104 delinimento
1970 1063 2122 1113 tribuit,
2148 1063 2275 1104 effecit

272 1133 318 1166 ut
342 1125 392 1166 ad
431 1126 498 1174 id,
539 1139 624 1180 quo
661 1128 846 1167 maxime
880 1140 988 1181 opus
1022 1134 1132 1176 erat,
1165 1127 1303 1167 minus
1334 1126 1506 1167 tortasse
1542 1127 1787 1177 attenderet,
1824 1134 1950 1181 utque
1987 1129 2093 1168 actio
2132 1129 2278 1178 tragica

272 1190 382 1245 apud
409 1204 506 1232 eum
532 1205 620 1232 non
656 1205 754 1232 cum
780 1193 932 1233 caussis
959 1193 1044 1233 suis
1073 1182 1299 1233 necessario
1333 1191 1514 1244 quodam
1549 1192 1715 1234 vinculo
1755 1191 1971 1233 cohaerere
2008 1193 2278 1246 moribusque

270 1266 544 1311 personarum
571 1270 824 1311 congruere,
851 1257 924 1298 sed
950 1264 1172 1313 propterea
1199 1264 1358 1303 tantum
1382 1254 1472 1296 fieri
1497 1256 1705 1298 interdum
1730 1257 1961 1306 videretur,
1990 1263 2036 1297 ut
2056 1257 2279 1298 vehemen-

270 1320 446 1360 tioribus
473 1321 539 1361 vel
563 1322 828 1362 mollioribus
854 1323 983 1363 animi
1010 1325 1193 1364 sensibus
1221 1331 1262 1364 et
1285 1322 1658 1375 perturbationibus
1682 1323 1897 1376 pingendis
1924 1323 2040 1362 locus
2073 1330 2187 1364 esset.

403 1387 455 1426 Et
481 1388 759 1440 posteriores,
785 1394 834 1427 ut
857 1388 927 1437 fit,
951 1389 1162 1443 Euripidis
1189 1389 1287 1430 vitia
1311 1387 1439 1440 magis
1466 1401 1591 1440 quam
1615 1389 1785 1428 virtutes
1812 1389 1975 1435 imitati,
2005 1388 2158 1428 fabulas
2189 1389 2275 1441 ple-

272 1463 448 1504 rumque
475 1447 613 1500 ἆηθεῖς
639 1453 674 1501 *)
699 1443 993 1503 condiderunt,
1028 1460 1172 1507 atque,
1206 1452 1427 1494 intercluso
1462 1453 1546 1494 iam
1580 1454 1624 1494 in
1657 1453 1832 1494 summis
1871 1453 2016 1503 rebus,
2051 1455 2279 1508 argumenti

271 1515 365 1555 dico
392 1528 646 1568 morumque
670 1516 977 1565 inventionem,
1004 1517 1136 1557 laudis
1164 1517 1297 1567 aditu,
1330 1519 1506 1572 partim,
1541 1525 1585 1557 ut
1609 1531 1734 1572 supra
1772 1519 2013 1572 significavi,
2053 1519 2279 1559 vehemen-

271 1579 396 1620 tiores
423 1579 550 1618 animi
578 1579 743 1618 aflectus
771 1580 982 1620 monodiis
1008 1581 1088 1621 illis
1114 1584 1364 1635 expressisse
1389 1584 1487 1621 satis
1510 1582 1760 1631 habuerunt,
1799 1583 1948 1636 partim
1976 1582 2026 1621 ad
2056 1596 2120 1622 res
2146 1582 2278 1622 levio-

270 1656 335 1683 res
372 1656 546 1698 operam
578 1656 696 1682 suam
734 1650 1052 1692 converterunt,
1086 1651 1158 1690 ut,
1194 1645 1231 1683 si
1263 1647 1404 1685 minus
1441 1659 1486 1684 re
1525 1646 1641 1698 ipsa,
1672 1653 1812 1686 tamen
1848 1647 1982 1686 verbis
2010 1653 2051 1686 et
2080 1647 2277 1686 orationis

274 1707 386 1747 uultu
412 1706 654 1748 triumviros
680 1706 962 1760 adaequarent.
1014 1706 1257 1749 Rhetoricae
1283 1709 1409 1763 igitur
1438 1710 1515 1749 arti
1549 1715 1662 1750 totos
1698 1723 1742 1749 se
1772 1709 1991 1760 dederunt,
2027 1717 2066 1751 et
2099 1724 2152 1751 ex
2189 1713 2279 1752 lso-

273 1771 392 1812 cratis
420 1777 462 1810 et
485 1770 716 1812 Aristotelis
743 1769 957 1824 disciplina
986 1771 1036 1810 ad
1061 1771 1355 1826 Melpomenen
1385 1780 1647 1816 accesserunt.
1674 1774 1729 1826 **)
1786 1774 1866 1813 Sed
1890 1776 1984 1828 quia
2010 1775 2093 1814 duo
2121 1775 2280 1814 studio-

274 1848 372 1874 rum
402 1848 544 1887 genera
572 1848 691 1888 aegre
717 1834 834 1874 aliter
858 1836 1054 1889 coniungi
1083 1850 1208 1889 posse
1236 1838 1445 1885 videntur,
1474 1839 1572 1892 quin
1600 1838 1772 1878 alterum
1800 1852 1851 1878 ex
1880 1839 2007 1879 altero
2048 1839 2199 1892 aliquid
2236 1841 2279 1878 in

272 1913 317 1941 se
343 1898 476 1942 trahat
502 1899 643 1949 alieni,
676 1905 723 1940 ut
762 1899 1005 1955 exemplum
1041 1899 1234 1950 afferam,
1276 1902 1532 1945 Theodectes
1558 1917 1645 1944 non
1677 1902 1814 1944 solum
1853 1903 2100 1948 rhetoricam
2138 1912 2278 1949 artem.
2331 1930 2334 1931 ν

273 1966 432 2006 mirum
458 1965 593 2017 dictu,
619 1965 783 2020 poetice
809 1965 879 2006 vel
907 1966 1049 2020 potius
1076 1967 1246 2007 metrice
1270 1969 1475 2017 tractavit,
1503 1968 1537 2007 si
1565 1967 1711 2009 Suidae
1736 1967 1836 2009 fides
1872 1975 1932 2010 est
1957 1968 2165 2014 habenda,
2209 1969 2277 2009 sed

274 2032 398 2071 etiam
425 2032 468 2070 in
494 2031 716 2084 tragoediis
744 2032 946 2071 oratoriae
976 2033 1119 2072 virtuti
1150 2034 1262 2073 iusto
1289 2033 1382 2087 plus
1409 2033 1595 2082 indulsit,
1632 2042 1671 2072 et
1702 2034 1747 2075 in
1771 2034 1945 2072 summis
1980 2034 2277 2085 trag'oediarum

274 2094 579 2137 discriminibus
607 2096 749 2150 longas
777 2098 1149 2150 argumentationes
1178 2106 1218 2140 et
1244 2100 1361 2153 quasi
1386 2099 1587 2139 orationes
1615 2097 1841 2138 iudiciarias
1869 2101 2034 2151 recepit.
2062 2099 2114 2139 Et
2134 2112 2269 2152 quem-

278 2161 511 2202 admodum
538 2174 665 2217 supra
690 2161 870 2203 vidimus
893 2161 938 2202 in
972 2159 1185 2204 monodiis
1225 2163 1583 2219 dithyramborum
1620 2162 1768 2217 poesin
1802 2162 1976 2217 tragicae
2015 2161 2161 2202 iactam
2196 2176 2279 2202 esse

360 2353 392 2394 ⁶)
414 2353 518 2388 Arist.
539 2355 640 2388 Poet-
661 2354 728 2399 VI,
749 2355 810 2391 16·

356 2416 409 2457 *·)
434 2417 485 2451 lte
516 2417 760 2462 Theodectes,
790 2431 825 2454 v.
858 2420 956 2454 enta.
988 2421 1419 2467 ·.v.stsph.1352.·.
1448 2435 1481 2457 v.
1512 2422 1682 2467 φασηλίς.
1726 2423 1912 2466 Dionysius
1935 2423 2077 2468 quidem
2098 2425 2215 2459 Helie.
2235 2427 2279 2460 de

278 2461 373 2506 isaeo
397 2483 428 2506 o.
450 2472 497 2507 19
517 2472 615 2506 hune
635 2485 719 2506 cum
736 2474 971 2520 Theopompo
996 2476 1074 2509 eliis
1096 2483 1325 2521 praeceptore
1347 2479 1460 2512 multo
1476 2480 1627 2512 minores
1648 2480 1686 2512 in
1704 2485 1780 2512 erte
1809 2477 1952 2511 dicendi
1985 2480 2093 2513 fuisse
2131 2481 2277 2514 iudicet.

274 2527 356 2560 Non
378 2527 537 2571 ignobile
558 2533 679 2562 temen
702 2528 797 2562 inter
816 2529 976 2564 rhetores
999 2533 1074 2564 eius
1098 2542 1226 2564 nomen
1247 2532 1355 2566 fuisse
1375 2533 1432 2566 vel
1452 2533 1536 2567 inde
1557 2534 1728 2576 efficitur,
1751 2534 1845 2578 quod
1870 2535 2036 2576 fuerunt,
2060 2536 2121 2578 qui
2146 2536 2278 2571 Aristo-

274 2583 356 2617 telis
390 2583 500 2618 libros
527 2583 572 2617 de
599 2572 779 2618 rhetoric·
811 2585 857 2618 ed
890 2587 1134 2621 Theodectem
1162 2588 1312 2630 scriptos
1342 2587 1427 2623 huie
1457 2590 1652 2624 tribuerent
1680 2591 1827 2624 auctori.
1855 2591 2007 2636 Quint.
2039 2590 2119 2625 lust.
2141 2593 2195 2635 11,
2220 2593 2277 2629 15.

277 2640 333 2674 Cf.
354 2640 464 2673 etiem
483 2640 701 2682 Antiphanes
721 2641 760 2673 in
783 2640 932 2675 Caribus
954 2643 1080 2677 Athen.
1105 2643 1185 2678 1⁸4.
1210 2643 1243 2676 d.
1268 2650 1304 2677 et
1323 2645 1426 2678 Arist.
1448 2645 1538 2679 rhet.
1559 2647 1613 2687 11,
1635 2646 1703 2684 20,
1725 2646 1781 2681 18
1816 2646 1879 2679 ubi
1911 2647 1985 2680 eius
2014 2646 2181 2691 apologie
2211 2650 2275 2683 So-

277 2696 383 2731 cratis
406 2696 580 2730 laudatur.
