2563 3350
1225 145 1255 189 ὅ

234 284 441 323 interdum
467 284 520 323 ‚b
551 283 719 325 illorum
740 287 830 321 arte
853 280 900 323 in
935 278 1063 326 chari
1101 290 1277 330 persona
1311 278 1573 323 intormmda
1606 281 1845 333 abhorreat,
1877 290 1921 324 et
1950 296 2070 338 saepe
2097 284 2234 338 magis

235 348 463 388 exornandi
492 355 533 389 et
560 346 739 388 variandi
762 358 901 389 caussa
930 357 1055 399 quam
1085 348 1131 383 ut
1168 340 1326 383 tabulae
1360 346 1603 398 gravitatem
1638 348 1834 389 sustineat
1866 355 1908 390 et
1939 355 2102 403 augeat,
2142 362 2234 390 car,-

234 415 346 454 mina
375 427 447 454 sua
477 413 621 453 fecisse
658 411 866 454 videatur.
903 416 1003 465 post
1031 406 1256 462 Agathonis
1295 407 1398 450 illud
1430 411 1647 453 inventum
1680 427 2022 483 supervacaneam
2061 426 2234 469 prorsus

235 487 355 532 atquc
382 478 481 518 adeo
510 477 757 517 damnosam
785 476 911 516 fuisse
939 473 1067 514 Chori
1092 485 1328 526 personam

317 579 319 581 .
360 544 501 594 Neque
542 555 640 582 vero
678 540 902 581 monodiae
937 539 1056 586 illae,
1084 550 1257 590 quarum
1294 551 1420 591 supra
1454 541 1709 582 mentionem
1745 543 1975 588 iniecimus,
2005 542 2235 597 tragoediae

233 610 468 661 dignitatem
506 605 738 647 admodum
773 618 921 659 augere
954 608 1167 658 poterant,
1193 603 1231 651 *)
1264 603 1504 655 praesertim
1539 618 1668 658 quum
1705 606 2033 649 vehementiores
2071 620 2236 662 semper

233 674 356 712 animi
382 673 548 711 aflectus
578 673 884 724 exprimerent,
911 676 951 709 et
974 668 1225 720 frequentius
1251 667 1453 714 adhibitae
1477 669 1736 722 impedirent,
1775 673 1998 724 quominus
2032 679 2103 712 aut
2124 673 2233 714 actio

231 736 451 778 accuratius
475 736 751 791 explicaretur
777 742 847 777 aut
870 749 1009 776 mores
1033 732 1206 773 dilucide
1241 731 1590 777 adumbrarentur.
1652 734 1747 775 lllae
1772 738 1880 776 enim
1909 738 2115 777 cantiones
2151 739 2233 777 iam

230 809 352 855 caput
380 809 421 841 et
448 801 716 841 nobilissima
730 799 966 854 tragoediae
1002 812 1095 852 pars
1123 811 1210 838 esse
1237 796 1496 837 credebatur:
1523 798 1566 837 in
1592 798 1847 841 his,summa
1874 801 2048 842 omnino
2064 800 2234 841 saltandi

229 867 400 906 cauendi
438 866 585 918 agendi
631 880 695 905 ars
732 864 1081 918 conspiciebatur:
1118 864 1292 914 denique
1328 862 1486 901 {abulae
1521 871 1690 903 eventus
1727 872 1767 903 et
1801 879 2000 918 personae
2037 865 2234 919 principis

229 931 397 970 fortuna
422 929 490 969 hic
519 930 764 983 plerumque
791 930 833 969 in
858 930 951 982 ipso
990 927 1224 968 versabatur
1243 927 1510 971 ,discrimina
1574 928 1821 969 posthabitis
1858 930 1982 982 igitur
2010 931 2060 970 iis
2098 929 2234 977 rebus,

228 996 271 1034 in
298 995 448 1048 quibus
476 995 659 1033 maxime
684 994 834 1047 tragica
863 995 991 1033 virtus
1019 991 1218 1038 cernitur,
1245 992 1327 1031 iam
1354 991 1405 1031 ad
1431 991 1608 1046 lyricum
1626 999 1746 1047 atque
1763 993 1864 1035 adeo
1887 992 2232 1049 dithyrambicum

230 1074 357 1114 genus
396 1060 495 1099 haee
530 1060 669 1111 poesis
707 1058 1021 1111 quodammodo
1060 1072 1104 1096 se
1138 1058 1341 1096 convertit
1376 1059 1739 1101 etfconlormavit.
1801 1059 1962 1107 immo,
1995 1061 2030 1098 si
2067 1058 2235 1113 quidem

228 1131 338 1165 recte
375 1123 457 1164 hoc
496 1137 551 1164 ex
599 1122 845 1177 quibusdam
890 1122 995 1162 illins
1042 1123 1242 1175 temporis
1284 1121 1645 1176 dithyramborum
1688 1125 1816 1164 titulis
1858 1126 1920 1174 ⁴²⁸)
1963 1125 2232 1172 concluditur,

230 1197 452 1243 utrumque
479 1202 654 1242 poeseos
676 1201 804 1242 genus
831 1187 881 1226 ad
908 1187 1082 1227 alterum
1108 1200 1152 1226 sc
1186 1186 1431 1240 applicuisse
1467 1194 1508 1228 et
1543 1194 1684 1242 poetas
1722 1188 2046 1244 dithyrambicos
2092 1202 2233 1231 rursus

228 1268 499 1308 personarum
534 1254 780 1307 tragicarum
814 1253 1034 1293 monodias
1071 1254 1126 1292 itu
1171 1254 1459 1305 composuisse
1497 1255 1688 1294 credibile
1719 1262 1804 1309 ρει,
1848 1261 1894 1293 ut
1933 1268 2015 1294 uno
2057 1256 2235 1295 carmine

228 1320 358 1373 lyrico
388 1318 517 1360 totius
542 1318 628 1359 lere
654 1317 886 1372 tragoediae
921 1323 1210 1370 argumentum
1245 1318 1626 1372 complecterentur.
1686 1320 1780 1369 Qua
1815 1319 1984 1374 quidem
2018 1334 2065 1361 re
2108 1334 2232 1360 nemo

230 1399 315 1423 non
344 1384 454 1424 videt
479 1384 664 1423 studium
688 1382 991 1438 tragoediarum
1016 1395 1092 1434 per
1119 1383 1297 1435 singulas
1322 1397 1467 1423 omnes
1494 1391 1629 1437 partes
1655 1384 1868 1438 diligenter
1894 1384 2233 1425 elaborandarum

157 1468 160 1469 ⁷
230 1448 423 1488 imminui
449 1450 696 1502 oportuisse.
749 1445 910 1488 Eodem
935 1446 1066 1486 modo
1093 1453 1237 1500 postea
1263 1449 1495 1501 accepimus
1524 1449 1634 1502 apud
1659 1448 1873 1489 Romanos
1907 1456 2081 1503 propter
2113 1448 2234 1489 ludos

228 1513 565 1567 pantomimicos,
588 1512 661 1566 qui
687 1512 918 1566 comparari
944 1511 1082 1564 aliquo
1108 1511 1241 1552 modo
1259 1518 1437 1566 possunt
1452 1525 1548 1551 cum
1566 1512 1875 1566 dithyrambicis
1890 1512 1955 1553 his
1975 1513 2233 1560 carminibus,

229 1577 380 1618 abolita
408 1592 495 1618 esse
522 1583 564 1618 et
589 1577 801 1618 evanuisse
827 1589 923 1616 cum
947 1576 1097 1630 populi
1122 1583 1215 1616 tum
1240 1583 1459 1629 poetarum
1486 1577 1529 1615 in
1556 1578 1674 1629 poesi
1699 1577 1920 1617 dramatica
1944 1578 2089 1619 studia.

356 1642 447 1681 Huc
475 1640 627 1680 accedit
652 1640 776 1679 etiam
801 1638 878 1679 alia
902 1652 991 1685 res,
1019 1652 1144 1691 qnae,
1176 1639 1301 1678 simili
1326 1640 1506 1686 ratione,
1546 1647 1669 1692 atque
1694 1640 1737 1679 in
1764 1641 1907 1681 Choro
1947 1642 2147 1688 vidimus,
2183 1642 2233 1681 ab

230 1706 347 1745 initio
376 1704 542 1759 quidem
570 1703 783 1744 laudabilis
810 1709 851 1743 et
877 1701 1152 1747 admirabilis,
1179 1715 1386 1742 summam
1413 1701 1618 1757 Aeschylo
1658 1702 1859 1757 Sophocli
1897 1705 2082 1759 Euripidi
2119 1705 2233 1746 utili-

230 1778 354 1811 tatem
383 1769 571 1825 praebuit
605 1768 915 1821 maximamque
950 1768 1111 1820 peperit
1147 1767 1342 1820 gloriam,
1373 1766 1548 1821 posthac
1584 1773 1725 1808 tamen
1762 1768 1904 1809 eadem
1942 1771 2031 1811 vitii
2063 1770 2234 1844 aliquod

227 1850 369 1877 semen
396 1835 648 1876 continuisse
681 1833 788 1874 mihi
822 1832 994 1874 videtur.
1061 1833 1174 1882 Quid
1209 1833 1320 1873 enim
1357 1831 1622 1872 commodius
1663 1832 1841 1873 accidere
1873 1841 2036 1888 poterat
2059 1835 2131 1883 iis,
2163 1836 2234 1889 qui

231 1902 356 1956 primi
385 1908 540 1941 sortem
567 1899 792 1939 humanam
819 1897 1024 1937 cothurno
1053 1898 1207 1951 tragico
1242 1896 1435 1937 exhibere
1462 1897 1596 1936 conati
1624 1904 1741 1945 sunt,
1768 1912 1892 1952 quam
1921 1906 1967 1939 ut
1991 1900 2035 1939 in
2060 1899 2233 1955 mytho·-

228 1981 322 2007 rum
362 1967 487 2007 beatis
529 1950 737 2005 sontibus
748 1964 913 2018 copiam
948 1963 1177 2017 imaginum
1216 1962 1422 2003 haurirent
1464 1962 1756 2015 largissimam,
1800 1978 1902 2017 quae
1938 1979 2034 2021 cnm
2075 1974 2232 2020 partem

227 2033 351 2084 longe
377 2030 606 2071 maximam
633 2043 708 2082 per
733 2043 778 2068 se
799 2029 984 2081 poeticae
1011 2029 1141 2081 magis
1171 2042 1292 2080 quam
1321 2026 1537 2067 historicae
1564 2034 1699 2066 essent
1725 2028 1907 2079 originis,
1942 2019 2034 2070 tum
2074 2044 2231 2078 omnes,

228 2097 324 2150 quia
349 2096 531 2150 tempori
556 2101 663 2135 certe
689 2093 791 2134 nulli
817 2093 1042 2146 adscriptae
1070 2101 1228 2139 essent,
1267 2092 1457 2133 facillime
1489 2093 1717 2145 reciperent
1752 2107 2020 2134 communem
2055 2095 2246 2148 aliquam.

228 2161 351 2200 sortis
388 2158 593 2199 humanae
627 2156 1033 2212 contemplationem.
1097 2156 1342 2199 Felicissime
1374 2157 1499 2213 igitur
1533 2156 1694 2197 Graecis
1735 2156 1903 2200 fortuna
1949 2158 2030 2201 hoc
2067 2159 2231 2209 obtulit,

311 2356 343 2397 ‘)
368 2356 595 2401 Quamquam
618 2352 664 2386 de
683 2362 749 2387 suo
771 2357 935 2396 tempore
960 2351 1131 2398 loquens,
1163 2359 1282 2387 tamen
1310 2358 1386 2384 uon
1417 2348 1536 2394 inepte
1566 2348 1626 2384 hic
1658 2349 1837 2385 Lucinam
1867 2351 2033 2387 audiatur
2053 2351 2097 2386 ds
2119 2352 2234 2388 saltat.

230 2423 262 2446 e.
280 2412 340 2447 n.
364 2411 424 2455 qui
447 2410 541 2444 inter
564 2408 635 2442 ali·
656 2407 729 2441 itas
759 2404 821 2442 εἶτ’
843 2407 999 2442 ΙνδοΒεν
1028 2405 1142 2447 αὐτός
1168 2403 1366 2449 κεκραγῶς
1393 2402 1528 2440 ἑαυτὸν
1549 2401 1730 2439 ἀνακλᾶν
1749 2404 1863 2441 erim
1893 2406 1959 2441 καὶ
1980 2406 2166 2456 περιᾴδων
2186 2408 2233 2443 τὰ

227 2467 379 2510 ἰαμβεῖα
408 2464 474 2500 καὶ
502 2462 543 2499 τὸ
574 2460 620 2508 δῆ
649 2463 840 2506 αἴσχιστον
862 2464 1042 2510 μελῳδῶν
1074 2463 1140 2503 τὰς
1160 2460 1355 2506 συμφορὰς
1373 2459 1440 2496 καὶ
1459 2458 1575 2503 μόνης
1595 2461 1658 2502 τῆς
1681 2462 1811 2504 φωνῆς
1829 2459 2043 2499 ὖιεύθυνον
2061 2463 2234 2505 παρέχων

232 2523 380 2557 ἔαυτόν.

313 2586 362 2625 ⁸⁸)
384 2584 597 2618 Philoxenus
618 2584 655 2616 in
675 2583 749 2616 hoe
769 2592 899 2625 genero
920 2583 1128 2626 elaboravit,
1155 2584 1255 2619 euius
1282 2583 1437 2627 cyetop·
1469 2581 1592 2615 drama
1627 2592 1673 2614 an
1704 2582 1949 2627 dithyrambos
1980 2585 2102 2626 fuerit,
2152 2596 2233 2619 cnm

205 2652 209 2656 ·
232 2642 407 2675 veteribus
429 2640 550 2679 (Arist.
573 2639 669 2670 Post.
690 2644 729 2679 1,
747 2637 788 2671 θ.
832 2636 954 2671 Schol.
976 2638 1082 2672 Arist.
1104 2639 1197 2674 mut.
1216 2639 1298 2676 no.
1314 2637 1397 2674 198.
1442 2636 1576 2671 Aelim.
1599 2639 1640 2672 V.
1662 2638 1706 2672 Η.
1726 2639 1811 2679 11¹,
1833 2640 1890 2675 44.
1935 2639 2062 2674 Athen.
2083 2651 2117 2684 p.
2139 2641 2174 2677 C.
2198 2642 2233 2677 7.

233 2698 328 2735 m.)
352 2696 457 2729 etiam
480 2703 542 2727 noo
563 2693 790 2736 ambigimus.
