2563 3350
313 906 395 961 De
431 910 638 961 caussis*
670 919 947 979 corruptae
980 918 1100 979 post
1129 908 1333 961 bellum
1365 906 1879 978 Peloponnesiacum
1908 910 2054 980 apud
2073 896 2301 966 Graecos

1099 1000 1223 1051 artis
1256 1000 1494 1069 tragicae.

318 1307 429 1373 Diu
455 1338 537 1380 est,
578 1345 632 1372 ex
671 1345 754 1386 quo
792 1331 871 1372 viri
905 1329 1131 1372 doctissimi
1172 1337 1213 1372 et
1246 1331 1494 1375 illustrandis
1529 1330 1761 1385 tragoediae
1795 1330 1970 1372 Graecae
2002 1331 2183 1386 reliquiis
2217 1333 2309 1375 ieli-

321 1404 480 1443 cissime
519 1414 689 1455 operam
721 1407 994 1448 navaverunt,
1036 1407 1076 1440 et
1108 1400 1325 1442 historiam
1361 1399 1485 1454 hujus
1506 1400 1660 1454 ,poesis
1700 1413 1722 1440 a
1747 1400 1896 1440 caussis
1924 1406 1966 1439 et
1989 1401 2203 1455 principiis
2227 1403 2312 1442 suis

323 1466 521 1507 deducere
548 1465 808 1505 studuerunt:
836 1477 970 1518 neque
995 1464 1164 1514 desunt,
1190 1466 1263 1520 qui
1288 1471 1430 1520 poetas
1456 1478 1552 1512 eos,
1587 1476 1769 1518 quorum
1802 1464 1959 1518 integra
1991 1465 2105 1506 nulla
2128 1473 2313 1522 superest

322 1531 478 1580 sabula,
503 1529 671 1585 singulis
699 1529 929 1584 quibusque
953 1529 1137 1570 versibus
1166 1530 1381 1584 diligenter
1403 1529 1585 1582 undique
1609 1529 1800 1577 collectis,
1827 1535 2026 1581 quantum
2052 1529 2142 1570 fieri
2163 1538 2312 1586 potest,

324 1598 366 1636 in
394 1597 520 1636 vitam
547 1607 738 1635 revocare
763 1594 900 1634 conati
925 1594 1018 1636 sint,
1069 1594 1151 1636 Sed
1175 1593 1242 1636 his
1264 1594 1350 1638 iere
1376 1593 1528 1635 finibus
1553 1592 1724 1634 illorum
1751 1606 1847 1633 cura
1873 1601 2105 1644 coercetur,
2139 1602 2209 1645 ut,
2241 1596 2313 1649 qui

323 1661 514 1715 Euripidi
541 1668 581 1700 et
605 1658 807 1712 Sophocli
833 1659 1015 1710 aequales
1040 1658 1218 1705 luerunt,
1241 1658 1368 1698 veluti
1393 1656 1584 1711 Agathou
1608 1663 1650 1696 et
1675 1669 1780 1710 quos
1806 1657 1907 1698 alios
1933 1672 1957 1698 a
1972 1659 2134 1701 comico
2154 1660 2314 1716 saepius

325 1725 480 1768 laudari
508 1724 572 1766 vel
598 1722 772 1764 derideri
800 1721 1004 1770 videmus,
1028 1721 1074 1762 hi
1098 1723 1365 1776 potissimum
1389 1722 1551 1761 animos
1577 1721 1628 1760 ad
1657 1735 1701 1761 se
1724 1724 2023 1771 convertet-inu
2064 1726 2194 1779 qualis
2219 1733 2317 1780 post

326 1790 562 1846 Euripidem
591 1795 682 1829 tum
710 1786 963 1847 Sophoclem
988 1793 1179 1828 mortuos
1204 1786 1327 1828 luerit
1344 1784 1440 1836 artis
1459 1784 1632 1839 tragicae
1648 1784 1850 1838 condicio,
1876 1793 1916 1827 et
1932 1790 2147 1841 quomodo
2166 1790 2317 1831 iactum

328 1857 405 1902 sit,
436 1863 483 1894 ut
508 1861 605 1909 post
631 1853 753 1892 breve
777 1858 943 1905 tempus
971 1858 1304 1905 corrumperetur
1328 1858 1449 1904 atque
1476 1850 1578 1890 adeo
1606 1850 1826 1904 deperiret,
1863 1864 1989 1893 nemo
2020 1853 2121 1895 dum
2155 1867 2317 1897 accurs-

327 1921 409 1961 tius
434 1918 674 1973 investigare
696 1916 839 1958 voluit.
892 1915 1101 1957 Nimirum
1125 1925 1359 1959 nascentem
1383 1929 1489 1956 mox
1512 1914 1732 1956 florentem
1756 1916 1971 1959 iucundius
1992 1927 2054 1959 est
2066 1928 2194 1960 artem
2212 1935 2317 1961 con—

330 1985 538 2040 templari,
566 1996 688 2036 quam
719 1993 937 2034 supremos
964 1979 1112 2021 deflere
1137 1994 1250 2021 casus
1274 1987 1488 2035 tantaeque
1519 1982 1635 2035 quasi
1660 1981 1801 2022 ruinae
1825 1995 1982 2024 caussas
2008 1984 2225 2040 inquirere.

459 2049 586 2102 Atqui
610 2060 739 2101 quum
764 2046 925 2086 nullum
950 2046 1070 2086 nobis
1099 2060 1154 2086 ex
1177 2046 1260 2087 hoc
1281 2053 1470 2100 tempore
1496 2047 1780 2100 supersitartis
1797 2049 1969 2102 tragicae
1986 2057 2318 2101 monumentum,

329 2124 468 2158 tamen
492 2127 545 2154 ne
571 2123 741 2168 prorsus
767 2109 875 2152 caeci
902 2124 1141 2162 erraremus,
1174 2124 1269 2153 casu
1293 2110 1527 2152 felicissimo
1566 2111 1720 2152 iactum
1752 2119 1836 2169 est,
1871 2120 1917 2152 ut
1951 2113 2035 2154 duo
2069 2116 2190 2155 nobis
2224 2116 2319 2156 libri

332 2184 686 2224 conservarentur,
713 2175 940 2215 Aristotelis
963 2176 1153 2216 Poeticen
1179 2176 1272 2217 dico
1308 2183 1351 2217 et
1379 2175 1511 2216 Ranas
1549 2170 1844 2230 Aristophanis.
1906 2176 2169 2233 Quamquam
2206 2179 2318 2221 enim

333 2246 408 2286 hac
442 2242 658 2285 comoedia
698 2240 881 2294 Euripidi
916 2241 1183 2294 potissimum
1217 2240 1374 2282 detrahi
1407 2241 1591 2287 videtur,
1633 2240 1763 2279 nihilo
1800 2248 1936 2280 tamen
1981 2244 2146 2293 minus,
2193 2258 2320 2299 quam

334 2312 377 2350 in
404 2308 593 2350 Nubibus
620 2306 805 2347 Socrates
833 2303 1208 2360 philosophorum,
1249 2304 1424 2360 tragicus
1459 2304 1527 2345 ille
1562 2311 1685 2358 poeta
1725 2306 1849 2345 totius
1882 2309 2040 2361 generis
2071 2317 2207 2365 partes
2242 2323 2319 2351 suo

335 2377 505 2417 nomine
541 2371 735 2419 sustinet,
770 2373 803 2420 ⁸)
847 2377 893 2411 ut
931 2383 1064 2425 neque
1105 2372 1268 2422 omnia,
1306 2383 1409 2426 quae
1444 2369 1735 2426 Aristophanes
1767 2370 1954 2427 Euripidi
1989 2374 2152 2417 crimini
2185 2377 2321 2425 vertit,

337 2440 444 2496 apud
469 2440 579 2479 hunc
603 2451 743 2477 revera
769 2436 823 2476 ita
848 2438 1129 2485 inveniantur,
1151 2450 1305 2490 neque,
1328 2437 1364 2477 si
1389 2437 1433 2476 in
1457 2435 1558 2476 alios
1584 2435 1710 2486 magis
1732 2436 1854 2476 etiam
1879 2436 1979 2478 haee
2010 2438 2118 2481 dicta
2151 2440 2323 2482 arbitro-

421 2581 454 2627 0)
488 2585 601 2620 Aliter
630 2584 674 2619 de
691 2585 871 2627 Euripidis
890 2586 928 2620 in
960 2585 1089 2621 fabulis
1117 2586 1378 2631 Aristophanis
1398 2596 1549 2630 persons
1578 2583 1714 2618 indie-t
1733 2583 1800 2620 Ed.
1827 2587 1987 2630 mlta,
2014 2590 2071 2624 vir
2099 2591 2324 2627 doctissimus

341 2652 376 2678 et
399 2643 558 2688 poeticae
579 2641 719 2675 virtutis
739 2642 1075 2684 intelligentissimus
1097 2642 1332 2677 »Gesehiehts
1354 2643 1417 2676 der
1436 2641 1593 2675 Theorie
1615 2641 1679 2674 der
1698 2641 1834 2675 xanct-
1855 2649 1892 2677 σε
1912 2644 1998 2679 alibi
2020 2652 2056 2680 et
2084 2657 2119 2690 p.
2148 2646 2221 2682 ns
2246 2658 2324 2693 sqq.

340 2702 410 2737 sed
429 2702 481 2734 its
502 2709 572 2733 non
594 2697 709 2732 solum
729 2698 913 2740 Euripides
936 2698 1049 2740 magis
1070 2700 1178 2733 etism
1199 2710 1307 2743 qum
1326 2709 1390 2740 pu·
1411 2703 1463 2730 est
1482 2697 1692 2739 vituperari,
1723 2697 1785 2729 sed
1817 2699 1925 2731 etism
1959 2702 2207 2745 Aristophanes
2235 2714 2323 2747 quo-

343 2755 532 2793 dammodo
555 2763 627 2786 non
649 2753 824 2793 comicus,
847 2753 928 2794 ssd,
949 2753 1046 2799 quod
1065 2754 1178 2788 multo
1198 2759 1252 2788 est
1273 2753 1397 2797 vitius,
1426 2751 1598 2795 satyricus
1617 2757 1723 2794 poeta
1742 2752 1866 2787 haberi
1885 2755 2038 2790 videtur.
