2563 3350
1257 247 1313 289 11

281 387 563 437 consimilem,
592 389 647 427 ita
672 388 716 426 in
742 386 807 426 his
834 381 1194 438 disceptationibus
1221 387 1262 420 et
1286 379 1463 433 spinosis
1494 381 1869 424 ratiocinationibus
1886 382 2096 438 sophistae
2113 384 2279 426 alteram

280 453 512 509 tragoediae
539 454 699 508 partem
723 450 836 506 quasi
863 461 980 490 suam
1007 447 1085 488 sibi
1110 444 1303 502 praedam
1330 444 1526 489 tulerunt.
1581 446 1697 488 Tales
1734 449 1859 504 igitur
1895 449 2080 492 maxime
2117 449 2279 494 iabulae

279 519 480 572 placuisse
507 518 719 560 videntur,
749 517 793 554 in
820 515 966 568 quibus
994 527 1058 552 res
1085 525 1128 550 m
1154 510 1251 550 foro
1278 517 1319 549 et
1341 512 1451 565 apud
1477 511 1630 551 iudices
1658 515 1884 567 peragenda
1908 522 2024 558 esset.
2077 516 2145 557 Sic
2183 516 2278 556 Bel-

280 581 572 637 lerophontem
596 583 671 623 nisi
699 581 822 622 fallor
848 587 991 621 contra
1018 577 1295 619 Stheneboeae
1320 577 1542 617 caluminas
1569 591 1613 617 se
1638 586 1882 631 purgantem
1908 580 2016 634 apud
2051 581 2278 621 Stobaeum

280 647 455 700 legimus
482 650 519 698 ¹¹)
547 648 604 687 sic
629 648 671 687 in
699 648 864 701 Lynceo
894 658 1019 700 supra
1043 643 1221 685 vidimus
1246 642 1386 696 eapitis
1413 639 1625 691 iudicium,
1658 644 1716 684 sic
1742 644 1786 684 in
1810 644 1952 686 Oreste
1975 648 2028 695 ⁸)
2054 646 2277 688 Alcmaeo·

280 726 332 752 ne
358 714 432 761 ·*·)
464 713 582 753 Aiace
610 716 652 763 †)
682 712 861 751 eiusdem
889 717 1037 765 poetae
1061 708 1194 748 simile
1219 706 1317 762 quid
1347 707 1593 750 invenimus.
1642 707 1853 749 Nimirum
1879 709 2035 751 famosa
2063 710 2131 753 illa
2162 711 2277 753 iudi-

281 777 398 817 candi
424 777 576 823 libido,
604 791 728 830 quam
755 776 1048 829 Aristophanes
1076 774 1220 827 Vespis
1248 772 1330 812 suis
1359 772 1517 812 dudum
1554 774 1834 824 exagitaverat,
1868 775 2054 815 nondum
2077 778 2277 817 exstincta

283 848 403 895 atque
429 840 531 881 adeo
557 841 650 881 filiis
677 840 898 882 hereditate
925 839 1100 896 quadam
1125 838 1268 879 tradita
1293 844 1388 881 erat.
1440 837 1493 878 Et
1528 851 1633 882 cum*
1658 845 1826 894 poetae,
1867 840 2039 893 tragicae
2070 841 2275 897 dignitatis

282 908 569 952 immemores,
610 905 907 959 spectatoribus
935 903 1275 959 gratificarentur‚
1313 911 1505 958 apparet,
1542 905 1631 946 iure
1661 918 1740 945 suo
1781 905 2037 946 Aristotelem
2063 910 2131 959 ἡ)
2168 920 2271 948 con-

283 972 411 1025 queri,
439 971 552 1024 quod
582 971 785 1024 ῥητορικῶς
810 970 935 1022 magis
963 983 1086 1023 quam
1112 969 1313 1015 πολιτικῶς
1337 970 1536 1011 diceretur
1552 971 1594 1011 in
1619 971 1894 1011 recentiorum
1911 969 2070 1012 fabulis.
2109 973 2274 1014 Veteres

282 1036 393 1074 enim
425 1035 626 1079 πολιτικῶς
662 1049 709 1074 ea
743 1041 904 1073 tantum
945 1034 989 1072 in
1020 1033 1244 1086 tragoedias
1270 1042 1535 1088 receperunt,
1570 1048 1674 1089 quae
1702 1034 1751 1074 ad
1779 1048 1869 1074 rem
1896 1035 2090 1085 iacerent,
2129 1043 2170 1077 et
2202 1037 2275 1077 ab·

280 1099 535 1139 horruerunt
561 1114 584 1138 a
610 1100 738 1138 iustae
769 1098 966 1138 orationis
991 1098 1133 1139 modo.
1187 1099 1248 1138 Ita
1273 1099 1575 1152 interpretanda
1600 1105 1697 1138 sunt
1720 1099 1950 1139 Aristotelis
1977 1100 2110 1144 verba.
2159 1102 2276 1151 Quae

283 1166 354 1219 qui
393 1164 507 1204 aliter
545 1164 650 1204 dicta
685 1170 852 1217 putant,
897 1169 944 1202 ut
983 1162 1137 1215 antiqui
1170 1176 1258 1202 rem
1291 1162 1498 1215 publicam
1533 1164 1767 1216 patriaeque
1792 1163 1965 1204 salutem
1988 1166 2031 1204 in
2059 1166 2275 1219 tragoediis

283 1230 465 1268 maxime
490 1235 690 1283 spectasse
717 1235 757 1268 et
783 1227 998 1267 attendisse
1024 1227 1218 1276 dicantur,
1244 1234 1405 1268 tantum
1431 1227 1543 1268 abest
1576 1234 1622 1267 ut
1655 1227 1846 1269 meritam
1880 1228 1930 1270 iis
1963 1228 2125 1271 laudem
2159 1230 2274 1272 dele·

283 1301 390 1341 rant,
422 1301 464 1331 ut
492 1293 788 1346 posterioribus
819 1292 860 1330 in
887 1292 962 1330 hac
992 1305 1037 1330 re
1065 1291 1323 1345 prudentiam
1363 1299 1403 1331 et
1440 1293 1633 1331 virtutem
1667 1292 1872 1346 poeticam
1905 1293 2038 1334 multo
2074 1295 2276 1336 maiorem

284 1359 476 1398 tribuant.
530 1358 793 1410 Quamquam
821 1357 906 1395 scio
935 1369 1021 1395 esse
1046 1352 1155 1393 nunc
1178 1354 1286 1407 apud
1310 1370 1409 1404 nos,
1438 1356 1508 1408 qui
1535 1369 1778 1408 unaquaque
1805 1356 1868 1395 vel
1893 1356 2082 1411 Aeschyli
2116 1365 2157 1397 et
2190 1359 2276 1398 So-

285 1422 445 1476 phoclis
485 1421 619 1462 tabula
653 1434 739 1461 non
775 1420 912 1460 solum
953 1419 1172 1473 imaginem
1206 1419 1384 1474 aliquam
1422 1419 1630 1475 poeticam
1672 1420 1874 1461 contineri
1915 1422 2162 1476 opinentur,
2203 1423 2276 1464 sed

286 1495 427 1540 poetas
454 1488 568 1539 quasi
595 1487 917 1539 demagogorum
945 1485 1133 1524 satellites
1160 1491 1201 1523 et
1223 1485 1432 1524 ministros
1460 1491 1680 1539 propterea
1709 1492 1869 1525 tantum
1906 1486 2042 1527 divina
2077 1501 2150 1528 sua
2183 1502 2275 1529 car-

290 1554 398 1593 mina
425 1552 615 1606 punxisse
640 1559 803 1605 putent,
830 1558 878 1590 ut
904 1552 1010 1591 cives
1037 1563 1133 1590 suos
1160 1550 1210 1590 ad
1236 1549 1367 1604 legem
1392 1550 1569 1603 aliquam
1596 1551 1682 1590 sive
1706 1550 1925 1591 iubendam
1950 1552 2035 1593 sive
2059 1554 2275 1607 antiquan-

288 1617 380 1655 dam
410 1622 712 1669 permoverent.
777 1609 934 1654 Verum
967 1615 1078 1653 enim
1111 1627 1232 1663 vero,
1275 1627 1371 1653 cum
1402 1614 1539 1654 sobrie
1573 1628 1663 1654 rem
1702 1615 2026 1655 examinantibus
2069 1625 2273 1671 appareat.

287 1680 451 1733 aliquod
488 1678 692 1719 interdum
732 1678 796 1718 vel
831 1679 873 1718 in
907 1677 1238 1718 emendatissimo
1273 1678 1452 1717 carmine
1488 1678 1604 1731 epico
1638 1679 1844 1731 tragicove
1875 1692 1999 1731 posse
2025 1679 2275 1734 deprehendi

286 1745 486 1797 temporis
514 1744 578 1781 sui
604 1743 840 1794 vestigium,
869 1743 981 1794 quod
1008 1742 1201 1793 sagaciter
1224 1755 1248 1779 a
1274 1741 1370 1780 viris
1400 1741 1531 1780 doctis
1566 1740 1801 1794 indagatum
1833 1742 1883 1781 ad
1918 1750 2089 1783 aetatem
2120 1743 2274 1785 tabula-

289 1822 381 1846 rum
410 1807 682 1846 deliniendam
708 1819 852 1858 magna
879 1819 976 1844 cum
1012 1804 1182 1843 utilitate
1217 1803 1399 1843 adhiberi
1440 1811 1580 1857 queat3
1619 1805 1866 1844 audiendum
1904 1813 2041 1846 tamen
2076 1808 2197 1847 etiam
2231 1809 2275 1848 in

288 1871 362 1910 hac
401 1884 444 1909 re
482 1883 650 1910 aureum
684 1869 804 1909 illud:
837 1870 954 1919 μηδὲν
997 1866 1111 1920 ἄγαν,
1148 1874 1189 1908 et
1237 1867 1482 1908 imitandum
1530 1874 1715 1909 veterum
1761 1860 1979 1923 poetarum
2022 1871 2276 1926 exemplum,

288 1948 467 1987 quorum
494 1947 654 1972 summa
681 1934 766 1972 laus
792 1934 864 1979 sit,
892 1933 1069 1972 modum
1103 1933 1145 1972 in
1191 1932 1382 1970 omnibus
1416 1932 1606 1972 tenuisse.
1676 1934 1732 1974 Et
1764 1934 1872 1988 ipse,
1913 1948 1966 1975 ne
1995 1935 2148 1977 nimius
2183 1937 2274 1986 sim,

222 2027 224 2029 »
291 1999 376 2038 vela
404 1999 471 2038 hic
510 1997 773 2038 contraham:
808 2010 1057 2050 quamquam
1096 1997 1205 2036 enim
1243 1996 1374 2035 multa
1408 2003 1613 2048 praeterea
1646 2004 1761 2046 sunt,
1796 2012 1898 2052 quae
1932 2000 1974 2038 in
2010 2007 2095 2040 arte
2124 2001 2276 2055 tragica

374 2163 406 2202 ‘)
428 2162 524 2197 stob.
547 2176 580 2209 p.
601 2162 675 2198 12⁶.
698 2163 753 2196 ed.
777 2161 879 2197 Leid.
903 2153 936 2195 ὦ
956 2158 1200 2203 καλλιφεγγῆ
1219 2153 1381 2200 λαμπάδ’
1401 2155 1573 2192 εἱλίσσων
1592 2156 1754 2201 φλογός,

903 2211 1004 2259 ἥλιε,
1025 2213 1202 2250 ποθεινὸν
1221 2215 1335 2248 πᾶσιν
1353 2210 1568 2254 ἀνθρώποις
1587 2212 1708 2254 σέλας,

906 2268 997 2309 εἶδές
1016 2267 1084 2305 τιν’
1104 2268 1226 2305 ἄλλον
1245 2265 1381 2304 πώποτ’
1401 2268 1452 2306 εἰς
1473 2263 1571 2302 οὕτω
1588 2267 1709 2309 μέγαν

907 2322 1052 2361 ἐλθόντ’
1078 2322 1214 2367 ἀγῶνα
1233 2322 1300 2359 καὶ
1319 2321 1593 2369 δυςέκφευκτον
1613 2322 1747 2375 κρίσιν,

908 2376 1005 2415 ὅπου
1028 2384 1229 2424 κατηγορεῖ
1246 2378 1315 2421 μὲν
1330 2378 1372 2414 ἐν
1391 2377 1540 2420 λόγοισί
1556 2390 1631 2420 μου

906 2432 1025 2479 romi,
1046 2433 1137 2478 πρὸς
1156 2430 1203 2469 ὃν
1222 2430 1255 2468 δ’
1275 2433 1409 2477 εἴρηκε,
1430 2431 1608 2477 τυγχάνει
1627 2431 1743 2475 πόσις,

907 2492 1087 2533 κρατοῦσι
1106 2487 1139 2524 δ’
1159 2489 1263 2531 οἵπερ
1276 2489 1353 2529 ,καὶ
1375 2487 1627 2531 κατηγοροῦσί
1642 2500 1728 2530 μου.

374 2556 422 2596 “)
443 2555 547 2589 Arist.
580 2555 688 2590 Rhet.
723 2556 776 2595 11,
803 2555 871 2593 24,
902 2555 939 2589 8.
983 2551 1134 2588 δίκαιόν
1163 2552 1280 2592 ἐστιν,
1312 2551 1397 2590 εἴτις
1423 2553 1505 2592 (scr.
1535 2546 1628 2592 ἥτις)
1656 2547 1707 2584 ἂν
1731 2548 1855 2593 κτείνῃ
1876 2548 2005 2595 πόσιν,
2028 2550 2282 2599 “⁹1on

292 2608 445 2652 ταύτην,
467 2609 533 2644 καὶ
552 2610 605 2655 τῷ
625 2608 734 2651 πατρί
752 2621 798 2650 γε
817 2610 986 2650 τιμωρεῖν
1006 2606 1071 2641 τόν
1091 2605 1188 2642 υἱόν.
1233 2609 1394 2641 Fortasse
1413 2603 1553 2649 ταύτην
1570 2608 1703 2641 ,θανεῖν
1714 2601 1754 2641 2'
1774 2604 1861 2640 υἱόν
1880 2615 1920 2641 n
1939 2612 2112 2650 τιμωρεῖν
2137 2612 2258 2654 πατρί,

378 2674 444 2713 ’**)
468 2674 521 2707 td.
542 2674 597 2715 11,
620 2673 679 2713 23,
700 2672 735 2707 ⁸.
778 2672 923 2715 Dionys.
946 2683 1002 2716 ep.
1024 2673 1059 2713 1,
1083 2671 1141 2707 u.
1182 2682 1220 2715 p.
1239 2669 1309 2705 125
1330 2668 1386 2703 ed.
1410 2668 1506 2712 sylb.
1546 2667 1674 2703 Euseb.
1694 2679 1818 2713 praep.
1840 2680 1896 2704 ev.
1915 2672 1966 2709 Χ,
1985 2670 2021 2705 8.

383 2739 419 2780 ³5)
443 2739 493 2771 ta.
516 2740 566 2779 11,
589 2738 654 2777 28,
676 2737 724 2772 ae
744 2742 780 2769 et
801 2736 859 2770 25.
907 2736 980 2778 111,
1003 2734 1049 2771 15
1071 2736 1130 2769 aa.

385 2804 443 2843 ἢ)
463 2803 558 2834 rm.
581 2802 625 2833 vi
639 2826 649 2841 ,
670 2801 728 2834 aa.
