2563 3350
1228 151 1256 190 4

246 298 366 331 mur,
392 299 642 338 magnopere
668 299 802 324 errare
827 285 1049 338 possimus.
1101 282 1285 322 Tametsi
1310 281 1449 334 negari
1475 295 1563 322 non
1588 290 1740 338 potest,
1763 283 2005 339 Euripidem
2021 290 2069 324 ut
2081 291 2249 339 poetam

247 350 640 403 praestantissimum
671 351 723 389 ita
754 351 794 390 in
832 349 1076 403 quibusdam
1115 347 1234 387 rebus
1270 347 1553 401 subsequentis
1589 349 1822 390 vitiositatis
1870 350 2015 390 ducem
2051 348 2175 401 {uisse
2212 355 2250 387 ct

250 414 502 467 exemplum.
554 414 703 466 Magna
729 415 842 453 euim
870 414 1028 467 ingenia
1055 426 1174 466 saepe
1200 418 1264 451 aut
1294 419 1553 469 antevertant
1578 421 1647 453 aut
1673 415 1878 455 retardant
1902 415 2050 455 sacculi
2076 415 2138 454 sui
2166 414 2251 452 im-

251 484 407 531 petum.
432 480 464 525 ‘)
528 476 581 516 Et
619 479 802 517 comicus
839 491 884 516 ea
923 477 1009 530 ipsa
1037 476 1148 528 signa
1179 481 1219 515 et
1247 475 1350 515 levia
1379 477 1633 530 corruptelae
1659 478 1808 519 indicia
1844 479 2102 533 sagacissime
2137 478 2250 517 iuda-

252 542 382 595 gavit‚
411 554 514 594 quae
547 549 691 596 postea
720 544 761 583 in
785 544 916 582 maius
945 549 1056 582 aucta
1084 554 1253 581 omnem
1287 540 1446 580 divinae
1481 542 1577 581 artis
1612 542 1961 597 pulchritudinem
1994 543 2253 584 deformave-

250 614 356 649 runt.
410 607 647 647 Aristoteles
675 616 811 647 autem
840 621 1088 661 quamquam
1122 620 1196 660 pro
1223 618 1296 644 sua
1322 606 1417 644 artis
1445 606 1615 658 tragicae
1640 606 1879 648 definitione
1908 609 2024 648 aliter
2047 608 2254 647 interdum

251 686 295 711 nc
320 685 397 711 nos
422 671 473 711 de
500 685 550 711 eo
579 672 729 712 iudicat
757 672 870 724 quod
898 670 1117 725 pulchrum
1147 670 1212 719 sit,
1239 676 1375 709 tamen
1404 683 1506 722 quae
1532 677 1593 710 est
1616 670 1740 712 huius
1769 673 1845 713 viri
1869 673 2071 717 immensa
2098 672 2251 713 doctri-

252 751 326 776 nae
353 743 393 775 et
420 731 572 790 ingenii
598 738 739 790 copia,
767 737 814 776 ad
844 751 908 777 eas
933 750 997 776 res
1024 734 1269 790 peritissime
1295 733 1481 773 animum
1508 735 1692 784 attendit,
1720 749 1824 791 quae
1850 738 1895 776 in
1918 736 1993 778 hac
2019 737 2256 791 quaestione¹

255 802 516 856 gravissimae
541 809 647 843 sunt.
674 802 763 842 Hos
790 802 914 856 igitur
938 802 1122 842 maxime
1147 799 1269 839 duces
1298 799 1438 848 secuti,
1464 798 1656 841 adhibitis
1682 801 1806 842 simul
1824 815 1927 857 quae
1947 802 1998 843 de
2014 802 2259 843 relicuarum

255 869 404 906 artium
431 874 531 909 tum,
551 868 753 920 temporis
782 866 948 905 fortuna
974 865 1217 919 accepimus,
1245 877 1430 916 quaeque
1456 878 1479 903 e
1504 866 1735 918 tragoediae
1763 868 1952 919 antiquae
1968 868 2132 920 ingenio
2158 880 2258 904 con-

257 930 365 971 cludi
403 932 525 983 atque
562 929 667 970 effici
699 929 970 978 videbuntur,
1005 941 1092 969 non
1127 927 1266 986 solum
1301 928 1522 982 imaginem
1557 929 1758 982 aliquam,
1793 931 1922 984 qualis
1958 931 2029 971 illo
2070 938 2259 984 tempore

257 995 382 1037 suerit
408 994 716 1037 Atheniensium
742 994 970 1050 tragoedia,
996 994 1222 1036 informare
1245 992 1319 1035 sed
1345 993 1464 1035 etiam
1482 1023 1495 1042 ‚
1523 993 1670 1049 quibus
1698 995 1848 1037 caussis
1875 995 2063 1037 acciderit
2089 991 2135 1036 ut
2163 1008 2259 1050 pes-

258 1074 352 1099 sum
379 1061 544 1099 daretur
575 1066 614 1098 et
640 1066 914 1107 evanesceret,
943 1072 1136 1113 quaerere
1162 1059 1406 1113 poterimus.

386 1127 445 1164 Ac
472 1125 611 1176 primo
641 1125 808 1175 quidem
834 1124 929 1164 loco
954 1124 1198 1176 ponendum
1222 1130 1285 1162 est
1309 1123 1448 1175 ipsum
1477 1121 1576 1161 illud
1597 1122 1750 1162 bellum
1766 1123 2107 1166 funestissimum.
2135 1124 2260 1175 quod,

262 1203 356 1231 cum
400 1194 531 1229 totam
565 1185 650 1229 fere
687 1187 900 1230 Graeciam
933 1186 1122 1230 incendio
1161 1199 1238 1229 suo
1271 1186 1556 1242 corripuisset,
1595 1187 1789 1243 quicquid
1822 1188 1985 1245 pulchri
2018 1188 2263 1242 honestique

260 1254 430 1294 Athenis
457 1260 722 1305 procreatum
757 1260 798 1292 et
834 1254 1046 1292 excultum
1080 1260 1188 1300 erat,
1226 1253 1402 1306 priscam
1437 1264 1604 1291 morum
1639 1253 1935 1306 integritatem,
1972 1255 2166 1294 virtutem
2202 1256 2263 1292 sui

262 1315 556 1372 immemorem
582 1317 819 1369 patriaeque
843 1331 985 1357 amore
1011 1317 1221 1357 ardentem
1246 1315 1472 1357 extinxisse
1498 1323 1538 1355 et
1567 1317 1819 1358 interemisse
1845 1319 2016 1362 videtur.
2088 1320 2139 1358 Et
2171 1332 2266 1358 cum

264 1382 394 1423 multa
419 1381 539 1421 etiam
569 1388 714 1434 postea
740 1396 764 1422 a
792 1381 956 1423 Graecis
985 1381 1149 1423 iortiter
1166 1389 1210 1422 et
1234 1380 1438 1436 praeclare
1467 1389 1578 1435 gesta
1603 1384 1702 1432 sint,
1732 1390 1868 1425 tamen
1893 1392 2053 1426 tautum
2081 1387 2193 1426 abest
2224 1393 2268 1424 ut.

266 1461 362 1487 cum
389 1445 683 1486 Themistoclis
710 1452 751 1486 et
775 1446 936 1487 Periclis
963 1454 1092 1487 aetate
1116 1447 1345 1500 comparari
1371 1453 1533 1499 queant,
1561 1454 1606 1487 ut
1630 1449 1839 1503 utriusque
1865 1452 2066 1506 temporis
2093 1459 2268 1492 tractum

269 1511 594 1563 contemplantes
627 1511 697 1549 vix
725 1511 905 1551 eiusdem
934 1513 1064 1564 gentis
1092 1511 1197 1550 lacta
1220 1511 1359 1550 videre
1385 1512 1505 1551 nobis
1532 1513 1754 1555 videamur.
1808 1516 2046 1555 Manserunt
2070 1532 2165 1556 sane
2192 1519 2269 1556 du·-

267 1573 539 1629 raveruntque
566 1576 608 1615 in
636 1576 851 1616 communi
878 1578 996 1616 ruina
1022 1578 1138 1629 quasi
1163 1575 1403 1615 firmissimo
1431 1575 1697 1618 fundamento
1735 1577 1862 1620 fultae
1898 1580 2024 1622 literas
2035 1595 2098 1621 um
2138 1583 2295 1622 Gruea

271 1653 409 1681 carum
437 1639 599 1686 laudes,
625 1639 855 1692 optimique
882 1640 1101 1692 scriptores
1128 1645 1169 1678 et
1193 1644 1341 1692 poetae
1366 1642 1488 1678 etiam
1511 1649 1612 1693 post
1638 1642 1739 1682 illud
1775 1644 1928 1684 bellum
1965 1660 2092 1700 opera
2129 1647 2272 1687 condi-

272 1707 421 1745 derunt
446 1704 674 1743 immortali
700 1703 832 1756 gloria
857 1703 1001 1756 digna:
1032 1703 1172 1742 omnia
1198 1709 1334 1742 tamen
1362 1717 1405 1742 ea
1434 1704 1497 1743 vel
1523 1705 1730 1746 doctrinae
1764 1708 1829 1747 vel
1855 1711 1950 1748 artis
1978 1724 2143 1763 genera,
2171 1726 2272 1765 quae

273 1784 296 1810 a
326 1768 407 1810 vita
427 1767 642 1807 communi
670 1767 869 1821 pendent,
895 1767 1072 1821 aliquam
1102 1773 1208 1806 certe
1233 1773 1377 1807 notam
1406 1774 1629 1815 traxerunt,
1649 1784 1781 1824 eaque
1810 1784 1890 1812 una
1917 1773 2143 1828 disciplina,
2172 1790 2274 1830 quae

274 1847 360 1873 non
402 1833 531 1872 modo
565 1832 690 1871 libera
725 1845 896 1885 prorsus
934 1839 995 1872 est
1036 1846 1059 1872 a
1093 1832 1222 1871 turbis
1256 1832 1441 1871 civilibus
1468 1833 1654 1887 vitaeque
1679 1835 1902 1885 molestiis,
1930 1837 2001 1877 sed
2027 1839 2164 1878 nescio
2190 1851 2273 1892 quo

275 1904 396 1952 pacto
423 1896 543 1937 alitur
568 1903 690 1949 atque
715 1903 887 1949 augetur
920 1896 1108 1949 publicae
1134 1895 1294 1935 virtutis
1314 1896 1528 1938 desiderio.
1554 1897 1820 1954 philosophia
1833 1901 2001 1955 inquam
2023 1903 2277 1957 corruptelae

276 1964 355 2002 tuit
381 1962 593 2009 immunis,
622 1974 810 2013 unusque
836 1962 948 2001 Plato
978 1963 1112 2001 victor
1139 1963 1267 2001 evasit
1296 1975 1349 2001 ex
1375 1969 1490 2001 tanto
1519 1966 1751 2007 certamine.
1804 1968 1859 2005 At
1887 1968 2020 2020 poesis
2046 1976 2086 2008 et
2111 1969 2276 2022 quidem

277 2027 450 2081 tragica,
476 2040 580 2079 quae
605 2026 799 2079 gravitate
824 2025 958 2080 aliqua
982 2032 1165 2074 constat,
1191 2026 1458 2080 animumque
1483 2023 1711 2070 inhonestis
1744 2044 1918 2085 purgare
1953 2033 2090 2073 studet
2114 2041 2279 2087 pertur-

279 2091 535 2139 bationibus,
564 2089 647 2131 fieri
674 2104 759 2131 non
785 2091 950 2146 potuit,
979 2092 1077 2146 quin
1108 2091 1200 2133 labe
1224 2090 1358 2144 aliqua
1384 2098 1424 2132 et
1451 2094 1694 2147 contagione
1721 2095 1808 2136 vitii
1835 2104 2126 2151 aspergeretur.
2167 2099 2279 2140 Sicut

281 2159 392 2198 enim
425 2157 554 2202 animi
594 2158 847 2196 Graecorum
882 2157 1171 2211 tranquillitate
1214 2163 1254 2195 ct
1294 2160 1518 2196 constantia
1553 2160 1705 2199 omissa
1739 2161 1782 2199 in
1824 2162 2063 2217 cupiditates
2098 2163 2280 2219 plerique

266 2224 407 2277 ‘proni
434 2229 624 2262 ruerunt:
653 2222 708 2261 ita
733 2236 807 2262 nec
831 2223 875 2261 in
902 2224 1018 2274 poesi
1046 2222 1222 2275 amplius
1248 2221 1352 2261 iusta
1379 2236 1542 2274 semper
1576 2238 1766 2264 mensura
1803 2233 1843 2264 et
1883 2228 2093 2266 emendata
2130 2243 2280 2281 aequa-

287 2284 439 2329 bilitate
483 2285 718 2335 utebantur,
755 2285 827 2326 sed
862 2286 1099 2328 artificiosas
1139 2285 1334 2341 quasdam
1371 2285 1576 2326 illecebras
1609 2289 1839 2344 ingeniique
1881 2293 2198 2334 ostentationem
2232 2296 2280 2343 ei,

287 2353 399 2408 quod
429 2366 522 2392 vere
547 2350 768 2406 pulchrum
793 2357 913 2405 atque
939 2351 1159 2392 honestum
1189 2358 1268 2399 est,
1298 2350 1588 2405 praeferebant.

418 2418 477 2458 Ita
503 2417 678 2464 cantica,
709 2416 752 2455 in
779 2417 928 2469 quibus
957 2418 1068 2471 apud
1095 2417 1344 2471 Aeschylum
1373 2426 1535 2455 summa
1561 2419 1763 2471 reperitur
1794 2420 2078 2473 aequabilitas,
2112 2431 2286 2477 propter

375 2565 411 2609 ⁶)
441 2564 563 2600 Simile
597 2566 684 2611 quid
708 2566 952 2609 deprehendas
984 2568 1023 2601 ia
1045 2568 1164 2602 officii
1186 2566 1332 2612 ing-nio
1362 2571 1398 2602 et
1420 2571 1495 2599 arte
1516 2567 1671 2607 poetica,
1702 2567 1763 2612 qui
1789 2578 1870 2602 cum
1904 2569 2074 2615 Euripide
2105 2576 2180 2605 tum
2211 2572 2288 2607 aliis

291 2625 328 2657 in
350 2623 456 2667 rehu-s
478 2627 555 2655 tum
577 2633 661 2656 vero
683 2631 866 2665 propterea
891 2625 1090 2667 comparari
1114 2630 1249 2667 potest,
1272 2623 1368 2666 qnod
1398 2628 1434 2654 et
1463 2623 1539 2665 ipse
1570 2623 1811 2667 subsequentis
1845 2626 1968 2659 net-tis
2002 2627 2086 2660 viti·
2118 2629 2288 2671 quodam-

293 2679 399 2713 modo
422 2680 620 2722 occupavit.
