2563 3350
1275 215 1310 259 6

296 340 559 393 artificiosam
589 360 631 394 et
649 353 975 408 exquisitiorem‚
1000 362 1104 404 quae
1126 362 1237 390 nunc
1253 352 1555 405 requirebatur,
1573 353 1793 394 aflectum
1806 352 2081 393 imitationem
2099 350 2294 400 (μίμων)

297 426 567 456 numerorum
595 419 838 472 repetitione
868 414 1163 469 antisti-ophion
1192 407 1397 464 carebant,
1426 425 1483 465 et,
1513 418 1653 472 quales
1680 418 1746 458 hic
1772 418 1852 458 illic
1886 415 1997 471 apud
2039 412 2292 467 Sophoclem

298 484 340 518 et
361 479 606 532 Euripidem
647 482 840 535 legimus,
875 481 1038 521 numeri
1072 480 1197 519 soluti
1234 478 1527 534 (ἀπολελυμένοι)
1560 483 1692 535 pluris
1728 482 2053 522 aestimabantur.
2118 478 2168 517 Et
2201 478 2294 530 quia

299 540 462 583 difficile
493 558 566 584 nee
592 546 679 586 sine
705 547 861 600 magnis
889 544 1120 598 sumptibus
1148 543 1207 596 ¹⁸¹)-
1223 545 1317 585 satis
1353 540 1476 587 musti
1513 547 1647 600 parari
1686 553 1877 600 potemnt
1912 542 2099 585 cantandi
2138 541 2293 581 saltan-

298 605 421 661 dique
446 609 549 650 adeo
583 612 727 666 periti,
764 619 810 652 ut
835 611 992 652 crebras
1027 622 1297 652 numerorum
1333 605 1580 652 mutationes
1614 612 1730 665 sequi
1765 618 1805 651 et
1839 611 2071 665 exprimere
2106 613 2292 681 possent,

299 672 348 711 ab
374 671 644 716 histrionibus
671 678 771 730 ipsis
798 677 1040 730 plerumque
1066 675 1166 714 haec
1202 677 1422 716 monodice
1454 676 1723 722 canebantur,
1761 676 1972 729 choroque
2010 674 2191 714 carmina
2223 686 2293 712 as·-

298 733 562 790 signabamur
587 740 750 782 aliunde
777 743 993 795 desumpta
1019 738 1262 792 (ἐμβόλιμα)ε
1290 742 1403 795 quod
1430 754 1561 795 quum
1585 742 1771 795 primum
1799 741 1849 780 ab
1887 739 2099 793 Agathone
2134 745 2192 779 ita
2224 738 2294 778 in-

297 801 487 842 stitutum
514 811 640 853 esset,
662 818 810 855 nemo,
838 811 1036 860 quantum
1065 818 1117 844 ex
1151 806 1379 847 Aristotelis
1414 807 1549 847 verbis
1590 807 1776 860 colligas,
1802 807 1867 857 **)
1901 805 2118 844 meliorem
2150 814 2293 842 rursus

298 866 405 907 viam
433 868 637 923 ingressus
664 877 735 914 est.
792 873 884 922 Qua
919 885 963 912 re
997 870 1150 912 iactum
1194 877 1275 920 est,
1316 878 1362 912 ut
1398 873 1550 914 utilitas
1578 873 1736 921 omnis,
1774 884 1877 926 quae
1913 883 1936 910 e
1968 869 2082 909 chori
2116 880 2293 922 persona

298 936 527 987 comparari
552 943 715 989 posset,
742 937 924 976 funditus
950 938 1172 977 tolleretur.
1229 938 1339 987 Quid
1377 939 1488 977 enim
1522 939 1631 977 aliud
1667 938 1842 977 efficitur
1877 937 2127 987 interpositis
2163 935 2291 972 trihus

298 1004 525 1047 quatuorve
550 1002 804 1041 cantionibus
833 1017 854 1040 a
880 1002 1037 1040 {abulae
1065 1006 1304 1055 argumento
1332 1015 1503 1053 prorsus
1531 1002 1683 1049 alienis,
1709 1002 1787 1040 nisi
1809 1006 1854 1040 ut
1870 1000 1995 1040 animi
2014 1005 2290 1052 spectatorum

299 1060 466 1105 diversis
493 1064 830 1108 oblectationibus
856 1066 1155 1116 distrahantur,
1191 1066 1502 1122 tragoediaeque
1533 1073 1795 1109 momentum
1836 1078 1880 1106 ac
1913 1063 2076 1120 pondus
2116 1063 2290 1121 omuino
2349 1115 2356 1119 a

298 1126 506 1168 elevetur?
555 1130 700 1171 Melius
724 1131 913 1187 profecto
941 1131 991 1172 de
1018 1138 1102 1172 arte
1129 1133 1274 1187 tragica
1302 1141 1438 1174 actum
1465 1142 1589 1184 esset,
1616 1135 1651 1174 si
1678 1141 1824 1189 poetae
1852 1133 2038 1172 Chorum
2068 1144 2090 1169 e
2120 1130 2289 1169 theatris

298 1192 517 1235 eiecissent.
570 1197 724 1234 Verum
753 1210 798 1234 ea
824 1197 903 1234 {uit
930 1197 1104 1235 Graecae
1127 1200 1255 1249 gentis
1282 1200 1466 1246 indoles,
1495 1208 1566 1247 ut,
1594 1200 1790 1251 quicquid
1820 1200 1885 1237 vel
1913 1197 2109 1250 principis
2144 1202 2290 1247 poetae

299 1258 513 1299 auctoritas
546 1258 729 1301 iussisset
763 1260 827 1302 vel
863 1261 1165 1302 consuetudinis
1205 1276 1298 1305 usus
1338 1265 1558 1315 sanxisset,
1593 1264 1636 1305 id
1674 1264 1717 1305 in
1755 1277 1879 1305 omne
1919 1269 2084 1316 tempus
2119 1273 2291 1301 normae

298 1322 412 1374 quasi
438 1336 482 1362 ac
510 1324 669 1378 regulae
698 1325 822 1365 instar
846 1325 1084 1374 haberetur,
1110 1333 1230 1381 atque
1254 1328 1307 1368 ita
1334 1331 1561 1384 tragoedia,
1590 1331 1745 1384 quippe
1772 1343 1875 1383 quae
1900 1342 1926 1369 e
1949 1327 2086 1368 choris
2115 1328 2156 1365 in
2177 1327 2290 1381 pio·

297 1389 390 1441 nysi
420 1388 625 1428 honorem
653 1390 783 1429 ductis
813 1398 906 1430 nata
936 1398 1059 1439 esset,
1096 1391 1177 1431 hoc
1203 1407 1368 1448 semper
1402 1396 1571 1434 retinuit
1606 1395 1727 1433 huius
1764 1395 1932 1447 originis
1966 1393 2208 1445 vestigium,
2244 1398 2291 1429 ut

270 1463 273 1465 ’
296 1451 413 1513 chori
439 1461 573 1506 partes
600 1468 850 1509 quamquam
875 1463 1016 1509 reapse
1042 1458 1202 1497 inutiles
1232 1466 1272 1498 et
1298 1461 1478 1507 otiosae,
1522 1460 1661 1499 abesse
1686 1466 1822 1498 tamen
1856 1459 1970 1498 nullo
2001 1457 2133 1497 modo
2165 1470 2290 1510 posse

296 1516 543 1563 viderentur,
594 1520 818 1575 Apparebit
842 1520 986 1574 igitur,
1012 1520 1227 1562 historiam
1253 1523 1375 1563 huius
1398 1525 1536 1579 poesis
1572 1522 1968 1577 contemplantibus,
2006 1534 2135 1575 quum
2173 1520 2289 1573 quasi

296 1596 372 1636 per
395 1585 542 1636 gradus
569 1586 737 1624 semsim
764 1586 940 1638 deprimi
963 1593 1003 1624 et
1029 1587 1219 1626 imminui
1253 1588 1438 1628 videatur
1471 1588 1601 1627 Chori
1638 1590 1876 1635 auctoritas,
1911 1601 1961 1626 eo
1996 1585 2286 1625 tantummodo

295 1655 485 1702 tempore
510 1649 710 1703 periectas
737 1664 782 1689 ac
808 1664 902 1690 vere
926 1650 1116 1715 pulchras
1140 1653 1368 1704 tragoedias
1394 1653 1515 1693 condi
1550 1654 1756 1705 potuisse,
1794 1666 1877 1705 quo
1913 1659 2101 1691 actorum
2139 1651 2284 1703 singu-

295 1712 432 1754 lorum
457 1719 497 1754 et
521 1712 637 1754 chori
663 1726 862 1768 personae
887 1709 1084 1767 tanquam
1109 1716 1200 1767 pari
1223 1714 1360 1768 aliquo
1387 1722 1606 1755 momento
1634 1716 1738 1754 inter
1764 1729 1806 1754 se
1845 1714 2285 1768 exaequarentur,1ta

296 1778 519 1832 Aeschylus
546 1792 796 1832 quamquam
817 1792 937 1831 saepe
970 1777 1111 1838 Choro
1146 1779 1212 1818 vel
1242 1780 1397 1832 primas
1437 1780 1571 1828 dedit,
1605 1780 1786 1818 multum
1820 1786 1957 1818 tamen
1993 1793 2016 1817 a
2050 1778 2282 1831 Phrynicho

297 1845 470 1893 recessit,
495 1844 568 1898 ‘'*)
596 1844 667 1898 qui
693 1843 844 1898 lyricus
870 1843 999 1897 magis
1027 1856 1151 1897 quam
1177 1845 1353 1899 tragicus
1378 1837 1501 1899 poeta
1526 1858 1612 1884 non
1638 1851 1721 1884 tam
1749 1844 1789 1883 in
1816 1844 1920 1883 iusta
1945 1844 2103 1883 actione
2128 1842 2283 1882 descri-

296 1910 426 1949 benda
453 1922 575 1963 quam
616 1909 658 1947 in
691 1907 886 1947 mollibus
919 1915 964 1947 ac
995 1905 1208 1951 flebilibus
1233 1910 1371 1949 modis
1409 1910 1661 1949 inveniendis
1698 1909 1878 1948 studium
1914 1921 2035 1948 suum
2067 1909 2282 1961 posuisset

296 1974 455 2014 Parcius
482 1975 602 2013 etiam
635 1972 863 2026 Sophocles
892 1972 1008 2012 chori
1027 1984 1206 2026 persona
1231 1986 1329 2013 usus
1355 1975 1558 2014 actionem
1593 1975 1725 2028 ipsam
1757 1987 1834 2028 per
1870 1973 2050 2026 reliquos
2084 1971 2282 2017 exhiberi,

296 2045 335 2078 et
359 2038 602 2092 plerumque
629 2036 835 2082 Chorum,
870 2050 975 2090 quos
1005 2037 1047 2075 in
1075 2043 1351 2091 spectatorum
1391 2039 1536 2077 animis
1574 2050 1713 2077 sensus
1747 2038 1921 2076 excitare
1955 2037 2096 2083 vellet,
2136 2036 2282 2075 iisdem

294 2105 412 2144 illum
440 2105 634 2159 agitatum
662 2110 702 2142 et
728 2110 964 2156 permotum
993 2103 1144 2142 cantica
1169 2117 1240 2142 sua
1267 2103 1525 2156 interponere
1552 2103 1678 2143 iussit.
1742 2102 1945 2141 Praeclare
1978 2114 2072 2140 sane
2106 2114 2150 2139 ac
2186 2098 2281 2139 feli-

296 2170 415 2215 citer,
443 2183 691 2223 quamquam
718 2182 804 2208 non
832 2168 978 2208 eodem
1007 2176 1177 2222 uterque
1201 2170 1354 2217 modo,
1381 2168 1425 2208 hi
1453 2168 1621 2222 quidem
1649 2168 1725 2208 viri
1760 2167 1803 2206 in
1830 2181 1875 2206 ea
1912 2181 1956 2207 re
1991 2167 2137 2206 versati
2171 2173 2280 2206 sunt.

295 2234 479 2277 Pluribus
508 2239 643 2273 autem
670 2231 751 2272 hoc
776 2232 965 2287 persequi
991 2243 1127 2287 neque
1150 2232 1270 2272 huius
1296 2233 1375 2274 loci
1401 2242 1482 2280 est,
1515 2239 1555 2272 et
1579 2239 1669 2271 ante
1705 2244 1774 2270 me
1808 2232 1883 2270 viri
1923 2231 2152 2270 doctissimi
2189 2244 2280 2270 eam

293 2314 382 2340 rem
409 2299 631 2338 luculenter
659 2299 1051 2338 demonstraverunt.
1103 2300 1194 2337 Hoc
1219 2299 1313 2337 loco
1342 2298 1670 2337 animadvertisse
1698 2296 1880 2341 sufficiat,
1908 2309 2037 2347 quum
2065 2295 2279 2347 Euripides

322 2479 327 2482 v
378 2455 410 2494 ⁸)
431 2454 647 2496 ‘rempotum
669 2451 837 2496 iniquitas
858 2458 894 2484 et
916 2451 1111 2485 diminutae
1131 2447 1395 2485 Atheniensium
1419 2446 1563 2481 divitiae
1583 2438 1896 2489 etiam-choregiae
1918 2444 2078 2488 tragicae
2099 2444 2279 2487 impensus

293 2508 478 2544 restrinxit.
522 2508 621 2550 Quae
642 2513 826 2550 propterea
846 2507 929 2539 inde
954 2507 998 2538 ab
1021 2506 1195 2538 Archonte
1216 2504 1329 2537 Callia
1357 2515 1388 2535 n.
1411 2504 1481 2538 4⁰6
1500 2513 1519 2534 a
1543 2504 1627 2535 Chr.
1649 2513 1684 2534 n.
1707 2503 1743 2534 in
1778 2502 1866 2547 duos
1894 2501 2105 2533 distributae
2130 2508 2212 2534 sunt
2247 2513 2278 2533 v.

296 2566 434 2597 Aristot.
457 2563 550 2602 apud
569 2563 689 2594 Schol.
711 2562 756 2593 ad
778 2563 863 2593 Rau.
887 2562 989 2594 Arist.
1012 2573 1044 2593 v.
1075 2560 1155 2595 4⁰6.
1185 2566 1220 2593 et
1242 2560 1363 2592 Boekh
1385 2559 1620 2591 staatshaush.
1643 2559 1704 2590 der
1728 2556 1881 2589 Athene:
1908 2558 1931 2588 Ι.
1956 2568 1990 2600 p.
2010 2557 2090 2591 485.

376 2625 426 2666 **)
459 2625 563 2658 Arist.
598 2623 696 2657 Poet.
721 2624 851 2666 XVIII,
877 2623 935 2658 22.
965 2625 1040 2662 τοῖς
1068 2621 1108 2656 δὲ
1132 2624 1273 2661 λοιποῖς
1290 2618 1338 2657 τὰ
1357 2617 1519 2669 ᾀδόμενα
1543 2621 1589 2654 οῦ
1607 2620 1755 2661 μᾶλλον
1776 2619 1843 2652 τοῦ
1860 2617 1988 2661 μύθου
2009 2615 2034 2661 ’ἢ
2054 2616 2171 2660 ἄλλης
2192 2629 2277 2659 τρα-

293 2681 435 2727 γῳδίας
454 2679 544 2714 ἐστί·
566 2676 613 2713 δι’
633 2675 656 2713 ὃ
676 2678 855 2720 ἐμβόλιμα
877 2677 1027 2725 ᾅδουσι,
1049 2678 1196 2723 πρώτου
1217 2676 1402 2719 ἄρξαντος
1421 2674 1628 2719 Ἀγάθωνος
1649 2674 1832 2711 τοιούτου.

378 2745 444 2785 *⁰⁸)
464 2747 543 2778 Huc
564 2743 747 2778 referenda
772 2744 964 2777 Aristotelis
986 2745 1092 2778 verba
1113 2745 1209 2778 Poet.
1233 2745 1297 2786 Ν,
1319 2744 1374 2778 16.
1394 2739 1441 2776 τὰ
1462 2741 1529 2776 τοῦ
1549 2740 1667 2782 χοροῦ
1687 2736 1885 2782 ἤιὶάττωόε.
